<?xml version="1.0" encoding="UTF-8"?><collection xmlns="http://www.loc.gov/MARC21/slim"><record><leader>00501nam--2200169-i-4500</leader><controlfield tag="001">000000197</controlfield><controlfield tag="002">20161230</controlfield><controlfield tag="005">20161230201023</controlfield><controlfield tag="008">060222s1000------------r-----000-0-eng-d</controlfield><datafield ind1=" " ind2=" " tag="040"><subfield code="a">IFIN-HH</subfield></datafield><datafield ind1=" " ind2=" " tag="080"><subfield code="a">539.2:539.12.04:535.343</subfield></datafield><datafield ind1="1" ind2=" " tag="100"><subfield code="a">Fulton, Theodore Alan</subfield></datafield><datafield ind1="1" ind2="0" tag="245"><subfield code="a">The f center in cesium fluoride</subfield><subfield code="b">Dissertation</subfield><subfield code="c">Theodore alan fulton</subfield></datafield><datafield ind1=" " ind2=" " tag="260"><subfield code="a">Ann Arbor, Michigan</subfield><subfield code="b">University Microfilms, Inc</subfield><subfield code="c">1967</subfield></datafield><datafield ind1=" " ind2=" " tag="300"><subfield code="a">XIII + 292 P</subfield></datafield><datafield ind1=" " ind2=" " tag="852"><subfield code="a">32401</subfield><subfield code="c">539.2</subfield></datafield><datafield ind1=" " ind2=" " tag="CAT"><subfield code="a">Sys</subfield><subfield code="c">20121017</subfield><subfield code="h">134936</subfield></datafield></record></collection>